@article{AUD_2016,
  author = {Audet, P. and Kim, Y. H.},
  title = {Teleseismic constraints on the geological environment of deep episodic slow earthquakes in subduction zone forearcs: A review},
  journal = {Tectonophysics},
  year = 2016,
  pages = {1-15},
  _note = {doi:10.1016/j.tecto.2016.01.005},
  volume = 670
}
@article{BAR_2018,
  author = {Baratin, L. M. and Chamberlain, C.J. and Townend, J. and Savage, M. K.},
  title = {Focal mechanisms and inter-event times of low-frequency earthquakes reveal quasi-continuous deformation and triggered slow slip on the deep {Alpine} {Fault}},
  journal = {Earth and Planetary Science Letters},
  year = 2018,
  pages = {111-123},
  _month = {February},
  _note = {doi:10.1016/j.epsl.2017.12.021},
  volume = 484
}
@article{BER_2011,
  author = {Beroza, G. C. and Ide, S.},
  title = {Slow earthquakes and nonvolcanic tremor},
  journal = {Annu. Rev. Earth Planet. Sci.},
  year = 2011,
  pages = {271-296},
  _note = {doi:10.1146/annurev-earth-040809-152531},
  volume = 39
}
@article{BOS_2012,
  author = {Bostock, M. G. and Royer, A. A. and Hearn, E. H. and Peacock, S. M.},
  title = {Low frequency earthquakes below southern {Vancouver} {Island}},
  journal = {Geochemistry Geophysics Geosystems},
  year = 2012,
  pages  = {Q11007},
  _note = {doi:10.1029/2012gc004391},
  volume = 13
}
@article{BOS_2015,
  author = {Bostock, M. G. and Thomas, A. M. and Savard, G. and Chuang, L. and Rubin, A. M.},
  title = {Magnitudes and moment-duration scaling of low-frequency earthquakes beneath southern {Vancouver} {Island}},
  journal = {Journal of Geophysical Research: Solid Earth},
  year = 2015,
  pages = {6329-6350},
  _note = {doi:10.1002/2015jb012195},
   volume = 120
}
@article{BOY_2015,
  author = {Boyarko, D. C. and Brudzinski, M. R. and Porritt, R. W. and Allen, R. M. and Tr\'ehu, A. M.},
  title = {Automated detection and location of tectonic tremor along the entire {Cascadia} margin from 2005 to 2011},
  journal = {Earth and Planetary Science Letters},
  year = 2015,
  pages = {160-170},
  _note = {doi:10.1016/j.epsl.2015.06.026},
  volume = 430
}
@article{BRU_2007,
  author = {Brudzinski, M. R. and Allen, R. M.},
  title = {Segmentation in episodic tremor and slip all along {Cascadia}},
  journal = {Geology},
  year = {2007},
  number = 10,
  pages = {907-910},
  _note = {doi:10.1130/G23740A.1},
  volume = 35
}
@article{CHE_2017_JGR,
  author = {Chestler, S. R. and Creager, K. C.},
  title = {Evidence for a scale-limited low-frequecny earthquake source process},
  journal = {Journal of Geophysical Research: Solid Earth},
  year = 2017,
  pages = {3099-3114},
  _note = {doi:10.1002/2016jb013717},
  volume = 122
}
@article{CHE_2017_G3,
  author = {Chestler, S. R. and Creager, K. C.},
  title = {A model for low-frequency earthquake slip},
  journal = {Geochemistry, Geophysics, Geosystems},
  year = 2017,
  pages = {4690-4708},
  _note = {doi:10.1002/2017gc007253},
  volume = 18
}
@article{FRA_2014,
  author = {Frank, W. B. and Shapiro, N. M. and Husker, A. L. and Kostoglodov, V. and Romanenko, A. and Campillo, M.},
  title = {Using systematically characterized low-frequency earthquakes as a fault probe in {Guerrero}, {Mexico}},
  journal = {Journal of Geophysical Research: Solid Earth},
  year = 2014,
  pages = {7686-7700},
  _note = {doi:10.1002/2014jb011457},
  volume = 119
}
@article{GUI_2010,
  author = {Guilhem, A. and Peng, Z. and Nadeau, R. M.},
  title = {High-frequency identification of non-volcanic tremor triggered by regional earthquakes},
  journal = {Geophysical Research Letters},
  year = 2010,
  pages = {L16309},
  _note = {doi:10.1029/2010gl044660},
  volume = 37
}
@article{HAN_2014,
  author = {Han, J. and Vidale, J. E. and Houston, H. and Chao, K. and Obara, K.},
  title = {Triggering of tremor and inferred slow slip by small earthquakes at the {Nankai} subduction zone in southwest {Japan}},
  journal = {Geophysical Research Letters},
  year = 2014,
  pages = {8053-8060},
  _note = {doi:10.1002/2014gl061898},
  volume = 41
}
@article{HOU_2011,
  author = {Houston, H. and Delbridge, B. G. and Wech, A. G. and Creager, K. C.},
  title = {Rapid tremor reversals in {Cascadia} generated by a weakened plate interface},
  journal = {Nature Geoscience},
  year = 2011,
  pages = {404-409},
  _month = {June},
  _note = {doi:10.1038/ngeo1157},
  volume = 4
}
@article{HOU_2015,
  author = {Houston, H.},
  title = {Low friction and fault weakening revealed by rising sensitivity of tremor to tidal stress},
  journal = {Nature Geoscience},
  year = 2015,
  number = 5,
  pages = {409-415},
  _month = {May},
  _note = {doi:10.1038/ngeo2419},
  volume = 8
}
@article{IDE_2007_GRL,
  author = {Ide, S. and Shelly, D. R. and Beroza, G. C.},
  title = {Mechanism of deep low frequency earthquakes: Further evidence that deep non-volcanic tremor is generated by shear slip on the plate interface},
  journal = {Geophysical Research Letters},
  year = 2007,
  pages = {L03308},
  _note = {doi:10.1029/2006gl028890},
  volume = 34
}
@article{KAT_2020,
  author = {Kato, A. and Nakagawa, S.},
  title = {Detection of deep low-frequency earthquakes in the {Nankai} subduction zone over 11 years using a matched filter technique},
  journal = {Earth, Planets and Space},
  year = 2020,
  pages = {128},
  _note = {https://doi.org/10.1186/s40623-020-01257-4},
  volume = 72
}
@article{KAT_2003,
  author ={Katsumata, A. and Kamaya, N.},
  title = {Low-frequency continuous tremor around the {Moho} discontinuity away from volcanoes in the southwest {Japan}},
  journal = {Geophysical Research Letters},
  year = 2003,
  pages = {1020},
  number = 1,
  _note = {doi:10.1029/2002gl0159812},
  volume = 30
}
@techreport{MCC_2006,
  author = {McCrory, P. A. and Blair, J. L. and Oppenheimer, D. H. and Walter, S. R.},
  title = {Depth to the {Juan} de {Fuca} slab beneath the {Cascadia} subduction margin - A {3-D} model sorting earthquakes},
  institution = {U.S. Geological Survey},
  number = {Data Series 91},
  year = 2006,
  _note = {ISBN: 0-607-97922-4},
}
@article{MIY_2008,
  author = {Miyazawa, M. and Brodsky, E. E. and Mori, J.},
  title = {Learning from dynamic triggering of low-frequency tremor in subduction zones},
  journal = {Earth, Planets and Space},
  year = 2008,
  pages = {e17-e20},
  _note = {doi:10.1186/bf03352858},
  volume = 60
} 
@article{NAK_2017,
  author = {Nakamura, M.},
  title = {Distribution of low-frequency earthquakes accompanying the very low frequency earthquakes along the {Ryukyu} {Trench}},
  journal = {Earth, Planets, and Space},
  year = 2017,
  number = 1,
  pages = {1-17},
  _month = {April},
  _note = {doi:10.1186/s40623-017-0632-4},
  volume = 69
}
@article{OBA_2002,
  author = {Obara, K.},
  title = {Nonvolcanic deep tremor associated with subduction in southwest {Japan}},
  journal = {Science},
  year = 2002,
  number = 5573,
  pages = {1679-1681},
  _month = {May},
  volume = 296
}
@article{OBA_2004,
  author = {Obara, K. and Hirose, H. and Yamamizu, F. and Kasahara, K.},
  title = {Episodic slow slip events accompanied by non-volcanic tremors in southwest {Japan} subduction zone},
  journal = {Geophysical Research Letters},
  year = 2004,
  pages = {L23602},
  _note = {doi:10.1029/2004gl020848},
  volume = 31
}
@article{OHT_2017,
  author = {Ohta, K. and Ide, S.},
  title = {Resolving the detailed spatiotemporal slip evolution of deep tremor in {Western} {Japan}},
  journal = {Journal of Geophysical Research: Solid Earth},
  year = 2017,
  number = 12,
  pages = {10009-10036},
  _month = {December},
  _note = {doi:10.1002/2017jb014494},
  volume = 122
}
@article{PEN_2009,
  author = {Peng, Z. and Vidale, J. E. and Wech, A. G. and Nadeau, R. M. and Creager, K. C.},
  title = {Remote triggering of tremor along the {San} {Andreas} {Fault} in central {California}},
  journal = {Journal of Geophysical Research},
  year = 2009,
  pages = {B00A06},
  _note = {doi:10.1029/2008jb006049},
  volume = 114
}
@article{PLO_2015,
  author = {Plourde, A. P. and Bostock, M. G. and Audet, P. and Thomas, A. M.},
  title = {Low-frequency earthquakes at the southern {Cascadia} margin},
  journal = {Geophysical Research Letters},
  year = 2015,
  pages = {4849-4855},
  _note = {doi:10.1002/2015gl064363},
  volume = 42
}
@article{ROG_2003,
  author = {Rogers, G. and Dragert, H.},
  title = {Tremor and slip on the {Cascadia} subduction zone: The chatter of silent slip},
  journal = {Science},
  year = 2003,
  number = 5627,
  pages = {1942-1943},
  _month = {June},
  volume = 300
}
@article{ROY_2014,
  author = {Royer, A. A. and Bostock, M. G.},
  title = {A comparative study of low frequency earthquake templates in northern {Cascadia}},
  journal = {Earth and Planetary Science Letters},
  year = 2014,
  pages = {247-256},
  _note = {10.1016/j.epsl.2013.08.040},
  volume = 402
}
@article{ROY_2015,
  author = {Royer, A. A. and Thomas, A. M. and Bostock, M. G.},
  title = {Tidal modulation and triggering of low-frequency earthquakes in northern {Cascadia}},
  journal = {Journal of Geophysical Research Solid Earth},
  year = 2015,
  pages = {384-405},
  _note = {doi:10.1002/2014jb011430},
   volume = 120
}
@article{RUB_2009,
  author = {Rubinstein, J. L. and Gomberg, J. and Vidale, J. E. and Wech, A. G. and Kao, H. and Creager, K. C. and Rogers, G.},
  title = {Seismic wave triggering of nonvolcanic tremor, episodic tremor and slip, and earthquakes on {Vancouver} {Island}},
  journal = {Journal of Geophysical Research Solid Earth},
  year = 2009,
  pages = {B00A01},
  _note = {doi:10.1029/2008jb005875},
  volume = 114
}
@article{SHE_2006,
  author = {Shelly, D. R. and Beroza, G. C. and Ide, S. and Nakamula, S.},
  title = {Low-frequency earthquakes in {Shikoku}, {Japan}, and their relationship to episodic tremor and slip},
  journal = {Nature},
  year = 2006,
  pages = {188-192},
  _month = {July},
  _note = {doi:10.1038/nature04931},
  volume = 442
}
@article{SHE_2007_nature,
  author = {Shelly, D. R. and Beroza, G. C. and Ide, S.},
  title = {Non-volcanic tremor and low-frequency earthquake swarms},
  journal = {Nature},
  year = {2007a},
  pages = {305-307},
  _month = {March},
  _note = {doi:10.1038/nature05666},
  volume = 446
}
@article{SHE_2007_G3,
  author = {Shelly, D. R. and Beroza, G. C. and Ide, S.},
  title = {Complex evolution of transient slip derived from precise tremor locations in western {Shikoku}, {Japan}},
  journal = {Geochemistry, Geophysics, Geosystems},
  year = {2007b},
  pages = {Q10014},
  _note = {doi:10.1029/2007gc001640},
  volume = 8
}
@article{SHE_2017,
  author = {Shelly, D. R.},
  title = {A 15 year catalog of more than 1 million low-frequency earthquakes: Tracking tremor and slip along the deep {San} {Andreas} {Fault}},
  journal = {Journal of Geophysical Research: Solid Earth},
  year = 2017,
  pages = {3739-3753},
  _note = {doi:10.1002/2017jb014047},
  volume = 122
}
@article{SWE_2019,
  author = {Sweet, J. R. and Creager, K. C. and Houston, H. and Chestler, S. R.},
  title = {Variations in {Cascadia} low-frequency earthquake behavior with downdip distance},
  journal = {Geochemistry, Geophysics, Geosystems},
  year = 2019,
  pages = {1202-1217},
  _note = {doi:10.1029/2018gc007998},
  volume = 20
}
@article{THO_2012,
  author = {Thomas, A. M. and B\"urgmann, R. and Shelly, D. R. and Beeler, N. M. and Rudolph, M. L.},
  title = {Tidal triggering of low frequency earthquakes near {Parkfield}, {California}: Implications for fault mechanics within the brittle-ductile transition},
  journal = {Journal of Geophysical Research},
  year = 2012,
  pages = {B05301},
  _note = {doi:10.1029/2011jb009036},
  volume = 117
}
@article{WEC_2011,
  author = {Wech, A. G. and Creager, K. C.},
  title = {A continuum of stress, strength and slip in the {Cascadia} subduction zone},
  journal = {Nature Geoscience},
  year = 2011,
  pages = {624-628},
  _note = {doi:10.1038/ngeo1215},
  volume = 4
}
@article{WES_1991,
  author = {Wessel, P. and Smith, W. H. F.},
  title = {Free software helps map and display data},
  journal = {EOS Trans. AGU},
  year = 1991,
  pages = {441},
  volume = 72
}
@misc{https://doi.org/10.7914/sn/xq_2007,
  doi = {10.7914/SN/XQ_2007},
  url = {https://www.fdsn.org/networks/detail/XQ_2007/},
  author = {{Alan Levander}},
  title = {Seismic and Geodetic Investigations of Mendocino Triple Junction Dynamics},
  publisher = {International Federation of Digital Seismograph Networks},
  year = {2007}
}
@software{ariane_ducellier_2021_5168867,
  author       = {Ariane Ducellier},
  title        = {ArianeDucellier/catalog: Paper submission},
  month        = aug,
  year         = 2021,
  publisher    = {Zenodo},
  version      = {v1},
  doi          = {10.5281/zenodo.5168867},
  url          = {https://doi.org/10.5281/zenodo.5168867}
}